<collection xmlns="http://www.loc.gov/MARC21/slim">
<record>
  <leader>01728nam a2200385 a 4500</leader>
  <controlfield tag="001">3216901</controlfield>
  <controlfield tag="007">he amb---bbcp</controlfield>
  <controlfield tag="007">he bmb---baap</controlfield>
  <controlfield tag="008">850117s1880    quc     b     000 0 eng d</controlfield>
  <datafield tag="020" ind1=" " ind2=" ">
    <subfield code="a">0665290500</subfield>
  </datafield>
  <datafield tag="035" ind1=" " ind2=" ">
    <subfield code="a">ocn317927686</subfield>
  </datafield>
  <datafield tag="040" ind1=" " ind2=" ">
    <subfield code="a">CaOOCIHM</subfield>
    <subfield code="b">eng</subfield>
    <subfield code="d">AEU</subfield>
  </datafield>
  <datafield tag="043" ind1=" " ind2=" ">
    <subfield code="a">n-cn-nk</subfield>
  </datafield>
  <datafield tag="082" ind1="0" ind2=" ">
    <subfield code="a">557.15</subfield>
    <subfield code="2">19</subfield>
  </datafield>
  <datafield tag="090" ind1=" " ind2=" ">
    <subfield code="a">FC 02 0203 no. 29050</subfield>
    <subfield code="b">AEU</subfield>
  </datafield>
  <datafield tag="100" ind1="1" ind2=" ">
    <subfield code="a">Bailey, L. W.</subfield>
    <subfield code="q">(Loring Woart),</subfield>
    <subfield code="d">1839-1925</subfield>
  </datafield>
  <datafield tag="245" ind1="1" ind2="0">
    <subfield code="a">Report on the geology of southern New Brunswick</subfield>
    <subfield code="h">[microform] :</subfield>
    <subfield code="b">embracing the counties of Charlotte, Sunbury, Queens, Kings, St. John and Albert, 1878-79 /</subfield>
    <subfield code="c">by L.W. Bailey, G.F. Matthew, and R.W. Ells.</subfield>
  </datafield>
  <datafield tag="260" ind1=" " ind2=" ">
    <subfield code="a">Montreal :</subfield>
    <subfield code="b">Dawson,</subfield>
    <subfield code="c">1880.</subfield>
  </datafield>
  <datafield tag="300" ind1=" " ind2=" ">
    <subfield code="a">1 microfiche (19 fr.).</subfield>
  </datafield>
  <datafield tag="490" ind1="1" ind2=" ">
    <subfield code="a">CIHM/ICMH Microfiche series = CIHM/ICMH collection de microfiches ;</subfield>
    <subfield code="v">no. 29050</subfield>
  </datafield>
  <datafield tag="500" ind1=" " ind2=" ">
    <subfield code="a">At head of title: Geological Survey of Canada. Alfred R.C. Selwyn, F.R. S., F.G.S., Director.</subfield>
  </datafield>
  <datafield tag="500" ind1=" " ind2=" ">
    <subfield code="a">&quot;Published by authority of Parliament.&quot;</subfield>
  </datafield>
  <datafield tag="500" ind1=" " ind2=" ">
    <subfield code="a">Accompanying maps mentioned in the introductory letter to Alfred Selwyn are missing.</subfield>
  </datafield>
  <datafield tag="533" ind1=" " ind2=" ">
    <subfield code="a">Filmed from a copy of the original publication held by the Library, Geological Survey of Canada.</subfield>
    <subfield code="b">Ottawa :</subfield>
    <subfield code="c">Canadian Institute for Historical Microreproductions,</subfield>
    <subfield code="d">1983.</subfield>
  </datafield>
  <datafield tag="534" ind1=" " ind2=" ">
    <subfield code="e">iv, 26 p.</subfield>
  </datafield>
  <datafield tag="596" ind1=" " ind2=" ">
    <subfield code="a">43</subfield>
  </datafield>
  <datafield tag="650" ind1=" " ind2="0">
    <subfield code="a">Geology</subfield>
    <subfield code="z">New Brunswick.</subfield>
  </datafield>
  <datafield tag="650" ind1=" " ind2="6">
    <subfield code="a">Géologie</subfield>
    <subfield code="z">Nouveau-Brunswic</subfield>
  </datafield>
<!-- No separator at end of field length=34 -->
<!-- Bad indicator data. Skipping 2 bytes -->
  <datafield tag="700" ind1="1" ind2=" ">
    <subfield code="a">Matthew, G. F.</subfield>
    <subfield code="q">(George Frederick),</subfield>
    <subfield code="d">1837-1923.</subfield>
  </datafield>
<!-- Bad indicator data. Skipping 2 bytes -->
  <datafield tag="700" ind1="1" ind2=" ">
    <subfield code="a">Ells, R. W.</subfield>
    <subfield code="q">(Robert Wheelock),</subfield>
    <subfield code="d">1845-1911.</subfield>
  </datafield>
<!-- Bad indicator data. Skipping 2 bytes -->
  <datafield tag="710" ind1="2" ind2=" ">
    <subfield code="a">Geological Survey of Canada.</subfield>
  </datafield>
<!-- Bad indicator data. Skipping 2 bytes -->
  <datafield tag="830" ind1=" " ind2="0">
    <subfield code="a">CIHM/ICMH microfiche series ;</subfield>
    <subfield code="v">no. 29050</subfield>
  </datafield>
<!-- Bad indicator data. Skipping 2 bytes -->
  <datafield tag="949" ind1=" " ind2=" ">
    <subfield code="h">UAHS-MF</subfield>
    <subfield code="z">CIHMMPRE</subfield>
  </datafield>
<!-- Bad indicator data. Skipping 2 bytes -->
  <datafield tag="016" ind1=" " ind2=" ">
    <subfield code="a"> 85625469X</subfield>
  </datafield>
<!-- Bad indicator data. Skipping 2 bytes -->
  <datafield tag="926" ind1=" " ind2=" ">
    <subfield code="a">UAHSS</subfield>
    <subfield code="b">MICROFICHE</subfield>
    <subfield code="c">FC 02 0203 no. 29050</subfield>
    <subfield code="d">MICROFORM</subfield>
    <subfield code="f">1</subfield>
  </datafield>
</record>
</collection>
